@misc{kingma2013vae,
      title={Auto-Encoding Variational Bayes}, 
      author={Diederik P Kingma and Max Welling},
      year={2013},
      eprint={1312.6114},
      archivePrefix={arXiv},
      primaryClass={stat.ML}
}

@misc{goodfellow2014gan,
      title={Generative Adversarial Networks}, 
      author={Ian J. Goodfellow and Jean Pouget-Abadie and Mehdi Mirza and Bing Xu and David Warde-Farley and Sherjil Ozair and Aaron Courville and Yoshua Bengio},
      year={2014},
      eprint={1406.2661},
      archivePrefix={arXiv},
      primaryClass={stat.ML}
}

@misc{rezende2016nf,
      title={Variational Inference with Normalizing Flows}, 
      author={Danilo Jimenez Rezende and Shakir Mohamed},
      year={2016},
      eprint={1505.05770},
      archivePrefix={arXiv},
      primaryClass={stat.ML}
}

@misc{nielsen2020survae,
      title={SurVAE Flows: Surjections to Bridge the Gap between VAEs and Flows}, 
      author={Didrik Nielsen and Priyank Jaini and Emiel Hoogeboom and Ole Winther and Max Welling},
      year={2020},
      eprint={2007.02731},
      archivePrefix={arXiv},
      primaryClass={cs.LG}
}


@misc{edwards2017neural,
      title={Towards a Neural Statistician}, 
      author={Harrison Edwards and Amos Storkey},
      year={2017},
      eprint={1606.02185},
      archivePrefix={arXiv},
      primaryClass={stat.ML}
}


@misc{vaswani2023attention,
      title={Attention Is All You Need}, 
      author={Ashish Vaswani and Noam Shazeer and Niki Parmar and Jakob Uszkoreit and Llion Jones and Aidan N. Gomez and Lukasz Kaiser and Illia Polosukhin},
      year={2023},
      eprint={1706.03762},
      archivePrefix={arXiv},
      primaryClass={cs.CL}
}

